<?xml version="1.0" encoding="UTF-8"?><collection xmlns="http://www.loc.gov/MARC21/slim"><record><leader>00350nam--2200121-i-4500</leader><controlfield tag="001">000045999</controlfield><controlfield tag="002">20161230</controlfield><controlfield tag="005">20161230201045</controlfield><controlfield tag="008">060222s1000------------r-----000-0-eng-d</controlfield><datafield ind1=" " ind2=" " tag="080"><subfield code="a">778.3(061.3):551.146(061.3)</subfield></datafield><datafield ind1=" " ind2=" " tag="245"><subfield code="a">Underwater photo-optics</subfield></datafield><datafield ind1=" " ind2=" " tag="260"><subfield code="a">Santa Barbara, Society Of Photo-optical Instrumentation Engineers, 1966, P.Dif</subfield></datafield><datafield ind1=" " ind2=" " tag="852"><subfield code="a">42012</subfield></datafield></record></collection>